@article{natureTCGA,
  title={Comprehensive molecular characterization of clear cell renal cell carcinoma},
  author={The Cancer Genome Atlas Research Network},
  journal={Nature},
  volume={499},
  number={},
  pages={43--49},
  year={2013/06/23/online},
  publisher={The Author(s)}
}
