@article{natureTCGA,
  title={Comprehensive molecular characterization of clear cell renal cell carcinoma},
  author={The Cancer Genome Atlas Research Network TCGA},
  journal={Nature},
  volume={499},
  pages={43--49},
  year={2013},
  publisher={The Author(s)}
}
